<?xml version="1.0" encoding="UTF-8"?><record xmlns="http://www.loc.gov/MARC21/slim" xmlns:cinclude="http://apache.org/cocoon/include/1.0" xmlns:zs="http://www.loc.gov/zing/srw/">
  <leader>00449nz  a2200133n  4500</leader>
  <controlfield tag="001">no 94003104 </controlfield>
  <controlfield tag="003">DLC</controlfield>
  <controlfield tag="005">19940128135342.9</controlfield>
  <controlfield tag="008">940128n| acannaab|          |a ana     c</controlfield>
  <datafield tag="010" ind1=" " ind2=" ">
    <subfield code="a">no 94003104 </subfield>
  </datafield>
  <datafield tag="040" ind1=" " ind2=" ">
    <subfield code="a">DGPO</subfield>
    <subfield code="c">DGPO</subfield>
  </datafield>
  <datafield tag="110" ind1="2" ind2="0">
    <subfield code="a">21st Century Industries, Inc.</subfield>
  </datafield>
  <datafield tag="410" ind1="2" ind2="0">
    <subfield code="a">Twenty-first Century Industries, Inc.</subfield>
  </datafield>
  <datafield tag="670" ind1=" " ind2=" ">
    <subfield code="a">Recommendations to the NRC on acceptable standard format ... [MI] 1991:</subfield>
    <subfield code="b">t.p. (21st Century Industries, Inc., Gaithersburg, MD)</subfield>
  </datafield>
</record>